% Encoding: UTF-8

@Article{akyildiz2002wireless,
  title={Wireless sensor networks: a survey},
  author={Akyildiz, Ian F and Su, Weilian and Sankarasubramaniam, Yogesh and Cayirci, Erdal},
  journal={Computer networks},
  volume={38},
  number={4},
  pages={393--422},
  year={2002},
  publisher={Elsevier}
}
@article{ping2008distributed,
  title={Distributed intrusion detection for mobile ad hoc networks},
  author={Ping, Yi and Xinghao, Jiang and Yue, Wu and Ning, Liu},
  journal={Journal of systems engineering and electronics},
  volume={19},
  number={4},
  pages={851--859},
  year={2008},
  publisher={BIAI}
}
@article{padmavathi2009survey,
  title={A survey of attacks, security mechanisms and challenges in wireless sensor networks},
  author={Padmavathi, Dr G and Shanmugapriya, Mrs and others},
  journal={arXiv preprint arXiv:0909.0576},
  year={2009}
}
@article{fuchsberger2005intrusion,
  title={Intrusion detection systems and intrusion prevention systems},
  author={Fuchsberger, Andreas},
  journal={Information Security Technical Report},
  volume={10},
  number={3},
  pages={134--139},
  year={2005},
  publisher={Elsevier Advanced Technology}
}
@inproceedings{roosta2006taxonomy,
  title={Taxonomy of security attacks in sensor networks and countermeasures},
  author={Roosta, Tanya and Shieh, Shiuhpyng and Sastry, Shankar},
  booktitle={The first IEEE international conference on system integration and reliability improvements},
  volume={25},
  pages={94},
  year={2006}
}
@article{articleTypesWSN,
author = {Mehta, Komal and Pal, Raju},
year = {2017},
month = {05},
pages = {41-46},
title = {Energy Efficient Routing Protocols for Wireless Sensor Networks: A Survey},
volume = {165},
journal = {International Journal of Computer Applications},
doi = {10.5120/ijca2017913840}
}
@inproceedings{lupu2009main,
  title={Main types of attacks in wireless sensor networks},
  author={Lupu, Teodor-Grigore and Rudas, I and Demiralp, M and Mastorakis, N},
  booktitle={WSEAS international conference. proceedings. recent advances in computer engineering},
  number={9},
  year={2009},
  organization={WSEAS}
}
@article{wahid2015survey,
  title={A Survey on Attacks, Challenges and Security Mechanisms in Wireless Sensor Network},
  author={Wahid, Abdul and Kumar, Pavan},
  journal={International Journal for Innovative Research in Science and Technology},
  volume={1},
  number={8},
  pages={189--196},
  year={2015}
}
@inproceedings{deng2005countermeasures,
  title={Countermeasures Against Traffic Analysis Attacks in Wireless Sensor Networks.},
  author={Deng, Jing and Han, Richard and Mishra, Shivakant},
  booktitle={SecureComm},
  volume={5},
  pages={113--124},
  year={2005}
}
@article{nayak2015impact,
  title={Impact of Black Hole and Sink Hole Attacks on Routing Protocols for WSN},
  author={Nayak, Padmalaya and Bhavani, V and Lavanya, B},
  journal={International Journal of Computer Applications},
  volume={116},
  number={4},
  year={2015},
  publisher={Foundation of Computer Science}
}
@article{abirami2013sybil,
  title={Sybil attack in wireless sensor network},
  author={Abirami, K and Santhi, B},
  journal={International Journal of Engineering and Technology (IJET)},
  volume={5},
  number={2},
  pages={620--623},
  year={2013}
}
@article{singh2014survey,
  title={A Survey on Intrusion Detection System in Wireless Sensor Networks},
  author={Singh, Manali and Babbar, Khushbu and Jain, Kusum Lata},
  journal={International Journal of Wireless Communications and Networking Technologies},
  volume={3},
  number={3},
  year={2014}
}
@article{patil2016attack,
  title={DoS attack prevention technique in Wireless Sensor Networks},
  author={Patil, Shital and Chaudhari, Sangita},
  journal={Procedia Computer Science},
  volume={79},
  pages={715--721},
  year={2016},
  publisher={Elsevier}
}
@inproceedings{sharma2017mitigating,
  title={Mitigating replay attack in wireless sensor network through assortment of packets},
  author={Sharma, Vandana and Hussain, Muzzammil},
  booktitle={Proceedings of the First International Conference on Computational Intelligence and Informatics},
  pages={221--230},
  year={2017},
  organization={Springer}
}
@inproceedings{salehi2013detection,
  title={Detection of sinkhole attack in wireless sensor networks},
  author={Salehi, S Ahmad and Razzaque, MA and Naraei, Parisa and Farrokhtala, Ali},
  booktitle={2013 IEEE International Conference on Space Science and Communication (IconSpace)},
  pages={361--365},
  year={2013},
  organization={IEEE}
}
@inproceedings{wazid2013detection,
  title={Detection and prevention mechanism for blackhole attack in wireless sensor network},
  author={Wazid, Mohammad and Katal, Avita and Sachan, Roshan Singh and Goudar, RH and Singh, DP},
  booktitle={2013 International Conference on Communication and Signal Processing},
  pages={576--581},
  year={2013},
  organization={IEEE}
}
@article{mpitziopoulos2009survey,
  title={A survey on jamming attacks and countermeasures in WSNs},
  author={Mpitziopoulos, Aristides and Gavalas, Damianos and Konstantopoulos, Charalampos and Pantziou, Grammati},
  journal={IEEE Communications Surveys \& Tutorials},
  volume={11},
  number={4},
  pages={42--56},
  year={2009},
  publisher={IEEE}
}
@article{ssu2009detecting,
  title={Detecting Sybil attacks in Wireless Sensor Networks using neighboring information},
  author={Ssu, Kuo-Feng and Wang, Wei-Tong and Chang, Wen-Chung},
  journal={Computer Networks},
  volume={53},
  number={18},
  pages={3042--3056},
  year={2009},
  publisher={Elsevier}
}
@inproceedings{bysani2011survey,
  title={A survey on selective forwarding attack in wireless sensor networks},
  author={Bysani, Leela Krishna and Turuk, Ashok Kumar},
  booktitle={2011 International Conference on Devices and Communications (ICDeCom)},
  pages={1--5},
  year={2011},
  organization={IEEE}
}
@inproceedings{almomani2015performance,
  title={Performance analysis of LEACH protocol under Denial of Service attacks},
  author={Almomani, Iman and Al-Kasasbeh, Bassam},
  booktitle={2015 6th International Conference on Information and Communication Systems (ICICS)},
  pages={292--297},
  year={2015},
  organization={IEEE}
}
@inproceedings{ramson2017applications,
  title={Applications of wireless sensor networksâ€”A survey},
  author={Ramson, SR Jino and Moni, D Jackuline},
  booktitle={2017 International Conference on Innovations in Electrical, Electronics, Instrumentation and Media Technology (ICEEIMT)},
  pages={325--329},
  year={2017},
  organization={IEEE}
}
@inproceedings{sharma2013issues,
  title={Issues and challenges in wireless sensor networks},
  author={Sharma, Sukhwinder and Bansal, Rakesh Kumar and Bansal, Savina},
  booktitle={2013 International Conference on Machine Intelligence and Research Advancement},
  pages={58--62},
  year={2013},
  organization={IEEE}
}
@article{alrajeh2013intrusion,
  title={Intrusion detection systems in wireless sensor networks: a review},
  author={Alrajeh, Nabil Ali and Khan, Shafiullah and Shams, Bilal},
  journal={International Journal of Distributed Sensor Networks},
  volume={9},
  number={5},
  pages={167575},
  year={2013},
  publisher={SAGE Publications Sage UK: London, England}
}
@inproceedings{ioannis2007towards,
  title={Towards intrusion detection in wireless sensor networks},
  author={Ioannis, Krontiris and Dimitriou, Tassos and Freiling, Felix C},
  booktitle={Proc. of the 13th European wireless conference},
  pages={1--10},
  year={2007},
  organization={Citeseer}
}
@inproceedings{krontiris2007intrusion,
  title={Intrusion detection of sinkhole attacks in wireless sensor networks},
  author={Krontiris, Ioannis and Dimitriou, Tassos and Giannetsos, Thanassis and Mpasoukos, Marios},
  booktitle={International symposium on algorithms and experiments for sensor systems, wireless networks and distributed robotics},
  pages={150--161},
  year={2007},
  organization={Springer}
}
@inproceedings{li2008intruder,
  title={Intruder detection using a wireless sensor network with an intelligent mobile robot response},
  author={Li, YuanYuan and Parker, Lynne E},
  booktitle={IEEE SoutheastCon 2008},
  pages={37--42},
  year={2008},
  organization={IEEE}
}
@inproceedings{farooqi2009intrusion,
  title={Intrusion detection systems for wireless sensor networks: A survey},
  author={Farooqi, Ashfaq Hussain and Khan, Farrukh Aslam},
  booktitle={International Conference on Future Generation Communication and Networking},
  pages={234--241},
  year={2009},
  organization={Springer}
}
@article{khan2010framework,
  title={Framework for intrusion detection in IEEE 802.11 wireless mesh networks},
  author={Khan, Shafiullah and Loo, Jonathan and Ud Din, Zia},
  journal={International Arab Journal of Information Technology},
  volume={7},
  number={4},
  pages={435--440},
  year={2010},
  publisher={Zarqa Private University}
}
@article{jha2002building,
  title={Building agents for rule-based intrusion detection system},
  author={Jha, S and Hassan, Mahbub},
  journal={Computer Communications},
  volume={25},
  number={15},
  pages={1366--1373},
  year={2002},
  publisher={Elsevier}
}
@article{xie2011anomaly,
  title={Anomaly detection in wireless sensor networks: A survey},
  author={Xie, Miao and Han, Song and Tian, Biming and Parvin, Sazia},
  journal={Journal of Network and Computer Applications},
  volume={34},
  number={4},
  pages={1302--1325},
  year={2011},
  publisher={Elsevier}
}
@article{sedjelmaci2011novel,
  title={Novel hybrid intrusion detection system for clustered wireless sensor network},
  author={Sedjelmaci, Hichem and Feham, Mohamed},
  journal={arXiv preprint arXiv:1108.2656},
  year={2011}
}
@article{mehmood2018secure,
  title={Secure knowledge and cluster-based intrusion detection mechanism for smart wireless sensor networks},
  author={Mehmood, Amjad and Khanan, Akbar and Umar, Muhammad Muneer and Abdullah, Salwani and Ariffin, Khairul Akram Zainol and Song, Houbing},
  journal={IEEE Access},
  volume={6},
  pages={5688--5694},
  year={2018},
  publisher={IEEE}
}
@inproceedings{yan2009hybrid,
  title={A hybrid intrusion detection system of cluster-based wireless sensor networks},
  author={Yan, KQ and Wang, SC and Liu, CW},
  booktitle={Proceedings of the International MultiConference of Engineers and Computer Scientists},
  volume={1},
  pages={18--20},
  year={2009}
}
@article{wang2011integrated,
  title={An integrated intrusion detection system for cluster-based wireless sensor networks},
  author={Wang, Shun-Sheng and Yan, Kuo-Qin and Wang, Shu-Ching and Liu, Chia-Wei},
  journal={Expert Systems with Applications},
  volume={38},
  number={12},
  pages={15234--15243},
  year={2011},
  publisher={Elsevier}
}
@article{saeed2016random,
  title={Random neural network based intelligent intrusion detection for wireless sensor networks},
  author={Saeed, Ahmed and Ahmadinia, Ali and Javed, Abbas and Larijani, Hadi},
  journal={Procedia Computer Science},
  volume={80},
  pages={2372--2376},
  year={2016},
  publisher={Elsevier}
}
@article{jinhui2018intrusion,
  title={Intrusion Detection System for Hybrid DoS Attacks using Energy Trust in Wireless Sensor Networks},
  author={Jinhui, Xie and Yang, Tao and Feiyue, Yang and Leina, Pan and Juan, Xu and Yao, Hou},
  journal={Procedia computer science},
  volume={131},
  pages={1188--1195},
  year={2018},
  publisher={Elsevier}
}
@article{kalnoor2018detection,
  title={Detection of Intruder using KMP Pattern Matching Technique in Wireless Sensor Networks},
  author={Kalnoor, Gauri and Agarkhed, Jayashree},
  journal={Procedia Computer Science},
  volume={125},
  pages={187--193},
  year={2018},
  publisher={Elsevier}
}
@article{jianjian2018novel,
  title={A Novel Intrusion Detection System based on IABRBFSVM for Wireless Sensor Networks},
  author={Jianjian, Dai and Yang, Tao and Feiyue, Yang},
  journal={Procedia computer science},
  volume={131},
  pages={1113--1121},
  year={2018},
  publisher={Elsevier}
}
@article{jin2017multi,
  title={Multi-agent trust-based intrusion detection scheme for wireless sensor networks},
  author={Jin, Xianji and Liang, Jianquan and Tong, Weiming and Lu, Lei and Li, Zhongwei},
  journal={Computers \& Electrical Engineering},
  volume={59},
  pages={262--273},
  year={2017},
  publisher={Elsevier}
}
@article{eik2006intrusion,
  title={Intrusion detection for routing attacks in sensor networks},
  author={Eik Loo, Chong and Yong Ng, Mun and Leckie, Christopher and Palaniswami, Marimuthu},
  journal={International Journal of Distributed Sensor Networks},
  volume={2},
  number={4},
  pages={313--332},
  year={2006},
  publisher={Taylor \& Francis}
}
@article{sedjelmaci2013efficient,
  title={An efficient intrusion detection framework in cluster-based wireless sensor networks},
  author={Sedjelmaci, Hichem and Senouci, Sidi Mohammed and Feham, Mohammed},
  journal={Security and Communication Networks},
  volume={6},
  number={10},
  pages={1211--1224},
  year={2013},
  publisher={Wiley Online Library}
}
@article{lu2018intrusion,
  title={Intrusion detection system based on evolving rules for wireless sensor networks},
  author={Lu, Nannan and Sun, Yanjing and Liu, Hui and Li, Song},
  journal={Journal of Sensors},
  volume={2018},
  year={2018},
  publisher={Hindawi}
}
@article{bankovic2010distributed,
  title={Distributed intrusion detection system for wireless sensor networks based on a reputation system coupled with kernel self-organizing maps},
  author={Bankovi{\'c}, Zorana and Moya, Jos{\'e} M and Araujo, {\'A}lvaro and Fraga, David and Vallejo, Juan Carlos and de Goyeneche, Juan-Mariano},
  journal={Integrated Computer-Aided Engineering},
  volume={17},
  number={2},
  pages={87--102},
  year={2010},
  publisher={IOS Press}
}
@article{almomani2016wsn,
  title={WSN-DS: a dataset for intrusion detection systems in wireless sensor networks},
  author={Almomani, Iman and Al-Kasasbeh, Bassam and Al-Akhras, Mousa},
  journal={Journal of Sensors},
  volume={2016},
  year={2016},
  publisher={Hindawi}
}
@inproceedings{palan2017low,
  title={Low energy adaptive clustering hierarchy (LEACH) protocol: A retrospective analysis},
  author={Palan, NG and Barbadekar, BV and Patil, Suahs},
  booktitle={2017 International Conference on Inventive Systems and Control (ICISC)},
  pages={1--12},
  year={2017},
  organization={IEEE}
}

@inproceedings{Turkish2015ANN,
  title={A Neural Network Based Intrusion Detection System For Wireless Sensor Networks},
  author={OKAN CAN Turkish},
  year={2015}
}