@Article{akyildiz2002wireless,
  title={Wireless sensor networks: a survey},
  author={Akyildiz, Ian F and Su, Weilian and Sankarasubramaniam, Yogesh and Cayirci, Erdal},
  journal={Computer networks},
  volume={38},
  number={4},
  pages={393--422},
  year={2002},
  publisher={Elsevier}
}
@article{ping2008distributed,
  title={Distributed intrusion detection for mobile ad hoc networks},
  author={Ping, Yi and Xinghao, Jiang and Yue, Wu and Ning, Liu},
  journal={Journal of systems engineering and electronics},
  volume={19},
  number={4},
  pages={851--859},
  year={2008},
  publisher={BIAI}
}
@article{padmavathi2009survey,
  title={A survey of attacks, security mechanisms and challenges in wireless sensor networks},
  author={Padmavathi, Dr G and Shanmugapriya, Mrs and others},
  journal={arXiv preprint arXiv:0909.0576},
  year={2009}
}
@article{fuchsberger2005intrusion,
  title={Intrusion detection systems and intrusion prevention systems},
  author={Fuchsberger, Andreas},
  journal={Information Security Technical Report},
  volume={10},
  number={3},
  pages={134--139},
  year={2005},
  publisher={Elsevier Advanced Technology}
}
@article{khan2010framework,
  title={Framework for intrusion detection in IEEE 802.11 wireless mesh networks},
  author={Khan, Shafiullah and Loo, Jonathan and Ud Din, Zia},
  journal={International Arab Journal of Information Technology},
  volume={7},
  number={4},
  pages={435--440},
  year={2010},
  publisher={Zarqa Private University}
}
@article{jha2002building,
  title={Building agents for rule-based intrusion detection system},
  author={Jha, S and Hassan, Mahbub},
  journal={Computer Communications},
  volume={25},
  number={15},
  pages={1366--1373},
  year={2002},
  publisher={Elsevier}
}
@article{xie2011anomaly,
  title={Anomaly detection in wireless sensor networks: A survey},
  author={Xie, Miao and Han, Song and Tian, Biming and Parvin, Sazia},
  journal={Journal of Network and Computer Applications},
  volume={34},
  number={4},
  pages={1302--1325},
  year={2011},
  publisher={Elsevier}
}
@article{sedjelmaci2011novel,
  title={Novel hybrid intrusion detection system for clustered wireless sensor network},
  author={Sedjelmaci, Hichem and Feham, Mohamed},
  journal={arXiv preprint arXiv:1108.2656},
  year={2011}
}
@article{mehmood2018secure,
  title={Secure knowledge and cluster-based intrusion detection mechanism for smart wireless sensor networks},
  author={Mehmood, Amjad and Khanan, Akbar and Umar, Muhammad Muneer and Abdullah, Salwani and Ariffin, Khairul Akram Zainol and Song, Houbing},
  journal={IEEE Access},
  volume={6},
  pages={5688--5694},
  year={2018},
  publisher={IEEE}
}
@inproceedings{yan2009hybrid,
  title={A hybrid intrusion detection system of cluster-based wireless sensor networks},
  author={Yan, KQ and Wang, SC and Liu, CW},
  booktitle={Proceedings of the International MultiConference of Engineers and Computer Scientists},
  volume={1},
  pages={18--20},
  year={2009}
}
@article{wang2011integrated,
  title={An integrated intrusion detection system for cluster-based wireless sensor networks},
  author={Wang, Shun-Sheng and Yan, Kuo-Qin and Wang, Shu-Ching and Liu, Chia-Wei},
  journal={Expert Systems with Applications},
  volume={38},
  number={12},
  pages={15234--15243},
  year={2011},
  publisher={Elsevier}
}
@article{saeed2016random,
  title={Random neural network based intelligent intrusion detection for wireless sensor networks},
  author={Saeed, Ahmed and Ahmadinia, Ali and Javed, Abbas and Larijani, Hadi},
  journal={Procedia Computer Science},
  volume={80},
  pages={2372--2376},
  year={2016},
  publisher={Elsevier}
}
@article{jinhui2018intrusion,
  title={Intrusion Detection System for Hybrid DoS Attacks using Energy Trust in Wireless Sensor Networks},
  author={Jinhui, Xie and Yang, Tao and Feiyue, Yang and Leina, Pan and Juan, Xu and Yao, Hou},
  journal={Procedia computer science},
  volume={131},
  pages={1188--1195},
  year={2018},
  publisher={Elsevier}
}
@article{kalnoor2018detection,
  title={Detection of Intruder using KMP Pattern Matching Technique in Wireless Sensor Networks},
  author={Kalnoor, Gauri and Agarkhed, Jayashree},
  journal={Procedia Computer Science},
  volume={125},
  pages={187--193},
  year={2018},
  publisher={Elsevier}
}
@article{jianjian2018novel,
  title={A Novel Intrusion Detection System based on IABRBFSVM for Wireless Sensor Networks},
  author={Jianjian, Dai and Yang, Tao and Feiyue, Yang},
  journal={Procedia computer science},
  volume={131},
  pages={1113--1121},
  year={2018},
  publisher={Elsevier}
}
@article{jin2017multi,
  title={Multi-agent trust-based intrusion detection scheme for wireless sensor networks},
  author={Jin, Xianji and Liang, Jianquan and Tong, Weiming and Lu, Lei and Li, Zhongwei},
  journal={Computers \& Electrical Engineering},
  volume={59},
  pages={262--273},
  year={2017},
  publisher={Elsevier}
}
@article{eik2006intrusion,
  title={Intrusion detection for routing attacks in sensor networks},
  author={Eik Loo, Chong and Yong Ng, Mun and Leckie, Christopher and Palaniswami, Marimuthu},
  journal={International Journal of Distributed Sensor Networks},
  volume={2},
  number={4},
  pages={313--332},
  year={2006},
  publisher={Taylor \& Francis}
}
@article{sedjelmaci2013efficient,
  title={An efficient intrusion detection framework in cluster-based wireless sensor networks},
  author={Sedjelmaci, Hichem and Senouci, Sidi Mohammed and Feham, Mohammed},
  journal={Security and Communication Networks},
  volume={6},
  number={10},
  pages={1211--1224},
  year={2013},
  publisher={Wiley Online Library}
}
@article{meng2014efm,
  title={EFM: enhancing the performance of signature-based network intrusion detection systems using enhanced filter mechanism},
  author={Meng, Weizhi and Li, Wenjuan and Kwok, Lam-For},
  journal={computers \& security},
  volume={43},
  pages={189--204},
  year={2014},
  publisher={Elsevier}
}
@article{gowrison2013minimal,
  title={Minimal complexity attack classification intrusion detection system},
  author={Gowrison, G and Ramar, K and Muneeswaran, K and Revathi, T},
  journal={Applied Soft Computing},
  volume={13},
  number={2},
  pages={921--927},
  year={2013},
  publisher={Elsevier}
}